<record><leader>00000cas a2200000 a 4500</leader><controlfield tag="001">9714548</controlfield><controlfield tag="008">830719d19111980miudr ne      0    0eng  </controlfield><datafield ind1=" " ind2=" " tag="010"><subfield code="a">sn 83016317 </subfield></datafield><datafield ind1=" " ind2=" " tag="040"><subfield code="a">DLC</subfield><subfield code="b">eng</subfield><subfield code="c">DLC</subfield><subfield code="d">NVF</subfield><subfield code="d">MHN</subfield><subfield code="d">DLC</subfield><subfield code="d">OCL</subfield><subfield code="d">OCLCQ</subfield><subfield code="d">DLC</subfield><subfield code="d">WIH</subfield><subfield code="d">OCLCQ</subfield><subfield code="d">OCLCF</subfield></datafield><datafield ind1="1" ind2=" " tag="029"><subfield code="a">AU@</subfield><subfield code="b">000025836441</subfield></datafield><datafield ind1=" " ind2=" " tag="042"><subfield code="a">pcc</subfield></datafield><datafield ind1=" " ind2=" " tag="043"><subfield code="a">n-us-mi</subfield></datafield><datafield ind1="0" ind2="0" tag="050"><subfield code="a">Newspaper 8434</subfield></datafield><datafield ind1="0" ind2="0" tag="050"><subfield code="a">Newspaper 8435</subfield></datafield><datafield ind1="0" ind2=" " tag="130"><subfield code="a">State journal (Lansing, Mich. : 1911)</subfield></datafield><datafield ind1="1" ind2="4" tag="245"><subfield code="a">The State journal.</subfield></datafield><datafield ind1="3" ind2=" " tag="246"><subfield code="a">Sunday state journal</subfield></datafield><datafield ind1=" " ind2=" " tag="260"><subfield code="a">Lansing, Mich. :</subfield><subfield code="b">Robert Smith Print. Co.</subfield></datafield><datafield ind1=" " ind2=" " tag="300"><subfield code="a">v.</subfield></datafield><datafield ind1=" " ind2=" " tag="310"><subfield code="a">Daily,</subfield><subfield code="b">Sept. 27, 1936-</subfield></datafield><datafield ind1=" " ind2=" " tag="321"><subfield code="a">Daily (except Sunday),</subfield><subfield code="b">Feb. 13, 1911-Sept. 26, 1936</subfield></datafield><datafield ind1="0" ind2=" " tag="362"><subfield code="a">Vol. 43, no. 189 (Feb. 13, 1911)-v. 126, no. 119 (Aug. 24, 1980).</subfield></datafield><datafield ind1=" " ind2=" " tag="500"><subfield code="a">Sunday ed. called: Sunday state journal.</subfield></datafield><datafield ind1=" " ind2=" " tag="500"><subfield code="a">"Independent. Cf. Ayer, 1980.</subfield></datafield><datafield ind1=" " ind2=" " tag="500"><subfield code="a">Issue called: 75th Anniversary ed., Jan. 1, 1930.</subfield></datafield><datafield ind1=" " ind2=" " tag="500"><subfield code="a">Mar. 16, 1947 issue covers centennial celebration of Lansing as Michigan's capitol. Apr. 28, 1955 issue called also "Centennial edition."</subfield></datafield><datafield ind1=" " ind2=" " tag="500"><subfield code="a">Issue called: Oldsmobile Commemorative ed., Aug. 20, 1972.</subfield></datafield><datafield ind1=" " ind2=" " tag="530"><subfield code="a">Also issued on microfilm.</subfield></datafield><datafield ind1=" " ind2="0" tag="651"><subfield code="a">Lansing (Mich.)</subfield><subfield code="v">Newspapers.</subfield></datafield><datafield ind1=" " ind2="0" tag="651"><subfield code="a">Ingham County (Mich.)</subfield><subfield code="v">Newspapers.</subfield></datafield><datafield ind1=" " ind2="7" tag="655"><subfield code="a">Newspapers.</subfield><subfield code="2">fast</subfield><subfield code="0">(OCoLC)fst01423814</subfield></datafield><datafield ind1=" " ind2="7" tag="651"><subfield code="a">Michigan</subfield><subfield code="z">Ingham County.</subfield><subfield code="2">fast</subfield><subfield code="0">(OCoLC)fst01209050</subfield></datafield><datafield ind1=" " ind2="7" tag="651"><subfield code="a">Michigan</subfield><subfield code="z">Lansing.</subfield><subfield code="2">fast</subfield><subfield code="0">(OCoLC)fst01208349</subfield></datafield><datafield ind1=" " ind2=" " tag="752"><subfield code="a">United States</subfield><subfield code="b">Michigan</subfield><subfield code="c">Ingham</subfield><subfield code="d">Lansing.</subfield></datafield><datafield ind1="1" ind2=" " tag="776"><subfield code="c">Microfilm</subfield><subfield code="w">(OCoLC)6678200</subfield></datafield><datafield ind1="0" ind2="0" tag="780"><subfield code="t">Lansing journal-Repubican</subfield><subfield code="w">(DLC)sn 96077162</subfield><subfield code="w">(OCoLC)35763150</subfield></datafield><datafield ind1="0" ind2="5" tag="780"><subfield code="t">Lansing press</subfield><subfield code="g">1916</subfield><subfield code="w">(DLC)sn 96077166</subfield><subfield code="w">(OCoLC)35760957</subfield></datafield><datafield ind1="0" ind2="5" tag="780"><subfield code="t">Lansing capital news</subfield><subfield code="g">1932</subfield><subfield code="w">(DLC)sn 96077168</subfield><subfield code="w">(OCoLC)35760800</subfield></datafield><datafield ind1="0" ind2="0" tag="785"><subfield code="t">Lansing state journal</subfield><subfield code="w">(DLC)sn 80002220</subfield><subfield code="w">(OCoLC)6678181</subfield></datafield></record>